@article{1,
  title={Session Initiation Protocol (SIP) RFC 3261},
  author={Rosenberg, Jonathan and Schulzrinne, Henning and Camarillo, G and Johnston, A and Peterson, J and Sparks, R and Schooler, E},
  journal={IETF, A},
  year={2002}
}
@article{2,
  title={Reliable UDP protocol},
  author={Bova, Tom and Krivoruchka, Ted},
  journal={draft-ietf-sigtran-reliable-udp-00. txt},
  year={1999}
}
@techreport{3,
  title={User datagram protocol},
  author={Postel, Jon},
  year={1980}
}